[gd_scene load_steps=7 format=2]

[ext_resource path="res://Assets/Kenney Game Assets 2 version 21/Fonts/DynaTitler.tres" type="DynamicFont" id=1]
[ext_resource path="res://Assets/Kenney Game Assets 2 version 21/Fonts/DynaButter.tres" type="DynamicFont" id=2]
[ext_resource path="res://Scripts/BaleniAgi.gd" type="Script" id=3]
[ext_resource path="res://Scripts/BalikMenyang.gd" type="Script" id=4]
[ext_resource path="res://Assets/Kenney Game Assets 2 version 21/Miniguides/Miniguide 2 - Character/miniguide2_character_stand.png" type="Texture" id=5]
[ext_resource path="res://Assets/Kenney Game Assets 2 version 21/2D assets/Platformer Pack Industrial (110 assets)/PNG/Retina/platformIndustrial_001.png" type="Texture" id=6]

[node name="GameOver" type="ColorRect"]
anchor_right = 1.0
anchor_bottom = 1.0
margin_top = 1.0
margin_bottom = 1.0
color = Color( 1, 1, 1, 0 )

[node name="Label" type="Label" parent="."]
margin_left = 27.0
margin_top = 95.0
margin_right = 978.0
margin_bottom = 158.0
custom_fonts/font = ExtResource( 1 )
custom_colors/font_color = Color( 0.984314, 0.0627451, 0.0196078, 1 )
text = "Ehhhh, Dolanan Buyar?"

[node name="BaleniAgi" type="LinkButton" parent="."]
margin_left = 453.0
margin_top = 207.0
margin_right = 557.0
margin_bottom = 242.0
custom_fonts/font = ExtResource( 2 )
custom_colors/font_color = Color( 0.74902, 0.45098, 0.192157, 1 )
custom_colors/font_color_pressed = Color( 0.960784, 0.94902, 0.94902, 1 )
text = "Baleni Agi!"
underline = 2
script = ExtResource( 3 )
scene_to_load = "Level"

[node name="BalikMenyang" type="LinkButton" parent="."]
margin_left = 386.5
margin_top = 238.0
margin_right = 621.5
margin_bottom = 261.0
custom_fonts/font = ExtResource( 2 )
custom_colors/font_color = Color( 0.74902, 0.45098, 0.192157, 1 )
custom_colors/font_color_pressed = Color( 0.960784, 0.94902, 0.94902, 1 )
text = "Bali Menyang Ndak Utama!"
underline = 2
script = ExtResource( 4 )
scene_to_load = "MainMenu"

[node name="DeJaVuSprite" type="Sprite" parent="."]
position = Vector2( 506.75, 423.25 )
scale = Vector2( 0.13889, 0.134347 )
texture = ExtResource( 5 )

[node name="Sprite3" type="Sprite" parent="."]
position = Vector2( 639, 523.5 )
texture = ExtResource( 6 )

[node name="Sprite" type="Sprite" parent="."]
position = Vector2( 511, 523 )
texture = ExtResource( 6 )

[node name="Sprite2" type="Sprite" parent="."]
position = Vector2( 254, 523.5 )
texture = ExtResource( 6 )

[node name="Sprite4" type="Sprite" parent="."]
position = Vector2( 385.5, 523.5 )
texture = ExtResource( 6 )

[node name="Sprite5" type="Sprite" parent="."]
position = Vector2( 768, 523 )
texture = ExtResource( 6 )
[connection signal="pressed" from="BaleniAgi" to="BaleniAgi" method="_on_BaleniAgi_pressed"]
[connection signal="pressed" from="BalikMenyang" to="BalikMenyang" method="_on_BalikMenyang_pressed"]
